@article{li2014survey,
    title = {A survey of traffic control with vehicular communications},
    author = {Li, L. and Wen, D. and Yao, D.},
    journal = {IEEE Transactions on Intelligent Transportation Systems},
    volume = {15},
    number = {1},
    pages = {425--432},
    year = {2014},
    doi = {10.1109/TITS.2013.2281501},
}

@inproceedings{Louw2022,
  author    = {Jacobus Louw and Louwrens Labuschange and Tiffany Woodley},
  title     = {A Comparison of Reinforcement Learning Agents Applied to Traffic Signal Optimisation},
  booktitle = {SUMO User Conference 2022},
  year      = {2022},
  url       = {https://doi.org/10.52825/scp.v3i.116},
  doi       = {10.52825/scp.v3i.116},
  note      = {Licensed under a Creative Commons Attribution 3.0 DE License},
  publisher = {SUMO Conference Proceedings},
  volume    = {3},
  pages     = {1--29},
}

@article{Mousavi2017,
    author = {Sajad Mousavi and Michael Schukat and Enda Howley},
    title = {Traffic Light Control Using Deep Policy-Gradient and Value-Function Based Reinforcement Learning},
    journal = {arXiv preprint arXiv:1704.08883},
    year = {2017},
    url = {https://www.researchgate.net/figure/Deep-reinforcement-learning-agent-of-traffic-signal-control_fig1_316598817}
}

@article{wei2022,
    author = {Jing Wei and Xinwei Zhang},
    title = {Deep Reinforcement Learning for Traffic Signal Control: Model and Simulation Environment},
    journal = {Sensors},
    volume = {22},
    number = {22},
    pages = {8732},
    year = {2022},
    url = {https://www.mdpi.com/1424-8220/22/22/8732}
}

@misc{rlsignals,
    author = {Anonymous},
    title = {Reinforcement Learning for Traffic Signal Control},
    year = {n.d.},
    url = {https://github.com/traffic-signal-control/RL_signals}
}


@inproceedings{khamis2014adaptive,
    title = {Adaptive multi-objective reinforcement learning for traffic signal control},
    author = {Khamis, M. A. and Gomaa, W.},
    booktitle = {2014 IEEE International Conference on Systems, Man, and Cybernetics (SMC)},
    pages = {1911--1916},
    year = {2014},
    doi = {10.1109/SMC.2014.6974221},
}

@article{eltantawy2013multiagent,
    title = {Multiagent reinforcement learning for integrated network of adaptive traffic signal controllers (MARLIN-ATSC): methodology and large-scale application on downtown Toronto},
    author = {El-Tantawy, S. and Abdulhai, B. and Abdelgawad, H.},
    journal = {IEEE Transactions on Intelligent Transportation Systems},
    volume = {14},
    number = {3},
    pages = {1140--1150},
    year = {2013},
    doi = {10.1109/TITS.2013.2246780},
}

@article{nature2023,
    title = {Traffic light optimization using non-dominated sorting genetic algorithm},
    journal = {Nature Scientific Reports},
    year = {2023},
    doi = {10.1038/s41598-023-XXXXX},
}

@misc{ps2024,
    title = {Sygnalizacja świetlna - co powinien wiedzieć każdy},
    author = {PS.org.pl},
    year = {2024},
    url = {https://www.ps.org.pl},
}

@misc{sumo_website,
    author = {{Eclipse SUMO}},
    title = {Simulation of Urban MObility},
    year = {2025},
    url = {https://eclipse.dev/sumo/}
}

@misc{sumo_docs,
    author = {{SUMO Documentation}},
    title = {SUMO Documentation - Eclipse SUMO},
    year = {2025},
    url = {https://sumo.dlr.de/docs/index.html}
}

@misc{sumo_rl,
    author = {Lucas N. Alegre},
    title = {SUMO-RL},
    year = {2019},
    publisher = {GitHub},
    journal = {GitHub repository},
    howpublished = {\url{https://github.com/LucasAlegre/sumo-rl}}
}


@article{Abdulhai2003,
    title = {Reinforcement learning for true adaptive traffic signal control},
    author = {Abdulhai, Baher and Pringle, Rob and Karakoulas, Grigoris J},
    journal = {Journal of Transportation Engineering},
    volume = {129},
    number = {3},
    pages = {278--285},
    year = {2003},
    publisher = {American Society of Civil Engineers}
}

@article{Wei2018,
    title = {IntelliLight: A reinforcement learning approach for intelligent traffic light control},
    author = {Wei, Hua and Zheng, Guanjie and Yao, Huaxiu and Li, Zhenhui},
    journal = {Proceedings of the 24th ACM SIGKDD International Conference on Knowledge Discovery \& Data Mining},
    pages = {2496--2505},
    year = {2018}
}

@article{Li2016,
    title = {Traffic signal timing via deep reinforcement learning},
    author = {Li, Li and Lv, Yisheng and Wang, Fei-Yue},
    journal = {IEEE/CAA Journal of Automatica Sinica},
    volume = {3},
    number = {3},
    pages = {247--254},
    year = {2016},
    publisher = {IEEE}
}

@article{Lopez2018,
    title = {Microscopic traffic simulation using SUMO},
    author = {Lopez, Pablo Alvarez and Behrisch, Michael and Bieker-Walz, Laura and Erdmann, Jakob and Flotterod, Yun-Pang and Hilbrich, Robert and others},
    journal = {The 21st IEEE International Conference on Intelligent Transportation Systems},
    year = {2018},
    publisher = {IEEE}
}

@article{Allsop1971,
    title = {Delay-minimizing settings for fixed-time traffic signals at a single road junction},
    author = {Allsop, Richard E},
    journal = {IMA Journal of Applied Mathematics},
    volume = {8},
    number = {2},
    pages = {164--185},
    year = {1971},
    publisher = {Oxford University Press}
}

@book{Sutton2018,
    title = {Reinforcement learning: An introduction},
    author = {Sutton, Richard S and Barto, Andrew G},
    year = {2018},
    publisher = {MIT press}
}

@article{Mnih2015,
    title = {Human-level control through deep reinforcement learning},
    author = {Mnih, Volodymyr and Kavukcuoglu, Koray and Silver, David and Rusu, Andrei A and Veness, Joel and Bellemare, Marc G and others},
    journal = {Nature},
    volume = {518},
    number = {7540},
    pages = {529--533},
    year = {2015},
    publisher = {Nature Publishing Group}
}

@techreport{Webster1958,
    title = {Traffic signal settings},
    author = {Webster, FV},
    year = {1958},
    institution = {Road Research Laboratory}
}

@article{Schulman2017,
    title = {Proximal policy optimization algorithms},
    author = {Schulman, John and Wolski, Filip and Dhariwal, Prafulla and Radford, Alec and Klimov, Oleg},
    journal = {arXiv preprint arXiv:1707.06347},
    year = {2017}
}